@misc{gitlab_ci_doc,
    title = "Документация GitLab [Электронный ресурс]",
    url = "https://docs.gitlab.com/ee/ci/introduction/index.html#continuous-integration",
    urldate = {2022-10-15}
}
}